<record><leader>00000cas a22000007a 4500</leader><controlfield tag="001">1769583</controlfield><controlfield tag="008">751101d19131984nduwr ne      0    0eng d</controlfield><datafield ind1=" " ind2=" " tag="010"><subfield code="a">sn 88076425 </subfield></datafield><datafield ind1=" " ind2=" " tag="040"><subfield code="a">MUL</subfield><subfield code="b">eng</subfield><subfield code="c">MUL</subfield><subfield code="d">NSD</subfield><subfield code="d">NOP</subfield><subfield code="d">CGU</subfield><subfield code="d">OCLCO</subfield><subfield code="d">OCLCF</subfield></datafield><datafield ind1="1" ind2=" " tag="029"><subfield code="a">AU@</subfield><subfield code="b">000025838272</subfield></datafield><datafield ind1=" " ind2=" " tag="042"><subfield code="a">msc</subfield></datafield><datafield ind1="0" ind2=" " tag="130"><subfield code="a">Wells County free press (Fessenden, N.D. : 1913)</subfield></datafield><datafield ind1="0" ind2="0" tag="245"><subfield code="a">Wells County free press.</subfield></datafield><datafield ind1=" " ind2=" " tag="260"><subfield code="a">Fessenden, N.D. :</subfield><subfield code="b">G.M. Brinton,</subfield></datafield><datafield ind1=" " ind2=" " tag="300"><subfield code="a">v. :</subfield><subfield code="b">ill. ;</subfield><subfield code="c">53 cm.</subfield></datafield><datafield ind1=" " ind2=" " tag="310"><subfield code="a">Weekly</subfield></datafield><datafield ind1="0" ind2=" " tag="362"><subfield code="a">Vol. 16, no. 20 (Feb. 14, 1913)-   ;   -87th year, 24th issue (Dec. 26, 1984).</subfield></datafield><datafield ind1=" " ind2=" " tag="500"><subfield code="a">"Official paper of Wells County."</subfield></datafield><datafield ind1=" " ind2=" " tag="500"><subfield code="a">Shared common sections with Harvey herald.</subfield></datafield><datafield ind1=" " ind2=" " tag="530"><subfield code="a">Available on microfilm from the State Historical Society of North Dakota.</subfield></datafield><datafield ind1=" " ind2="0" tag="651"><subfield code="a">Fessenden (N.D.)</subfield><subfield code="v">Newspapers.</subfield></datafield><datafield ind1=" " ind2="7" tag="655"><subfield code="a">Newspapers.</subfield><subfield code="2">fast</subfield><subfield code="0">(OCoLC)fst01423814</subfield></datafield><datafield ind1=" " ind2="7" tag="651"><subfield code="a">North Dakota</subfield><subfield code="z">Fessenden.</subfield><subfield code="2">fast</subfield><subfield code="0">(OCoLC)fst01251116</subfield></datafield><datafield ind1=" " ind2=" " tag="752"><subfield code="a">United States</subfield><subfield code="b">North Dakota</subfield><subfield code="c">Wells</subfield><subfield code="d">Fessenden.</subfield></datafield><datafield ind1="0" ind2="0" tag="780"><subfield code="t">Wells County free press and Wells County news</subfield><subfield code="w">(DLC)sn 88076424</subfield></datafield><datafield ind1="0" ind2="5" tag="780"><subfield code="t">Wells County farmer</subfield><subfield code="w">(DLC)sn 88076427</subfield></datafield><datafield ind1="0" ind2="7" tag="785"><subfield code="t">Harvey herald (Harvey, N.D. : 1922)</subfield><subfield code="w">(DLC) 89074077</subfield></datafield><datafield ind1="0" ind2="7" tag="785"><subfield code="t">Herald-press (Harvey, N.D.)</subfield><subfield code="x">8750-6882</subfield><subfield code="w">(DLC)sn 85000510</subfield></datafield></record>